@book{mongo,
 author = {Plugge, Eelco and Hawkins, Tim and Membrey, Peter},
 title = {The Definitive Guide to MongoDB: The NoSQL Database for Cloud and Desktop Computing},
 year = {2010},
 isbn = {1430230517, 9781430230519},
 edition = {1st},
 publisher = {Apress},
 address = {Berkeley, CA, USA},
} 

@INPROCEEDINGS{free,
    author = {Junghoo Cho and Sridhar Rajagopalan},
    title = {A Fast Regular Expression Indexing Engine},
    booktitle = {In Proceedings of the 18th International Conference on Data Engineering},
    year = {2001}
}

@inproceedings{spark,
 author = {Zaharia, Matei and Chowdhury, Mosharaf and Franklin, Michael J. and Shenker, Scott and Stoica, Ion},
 title = {Spark: Cluster Computing with Working Sets},
 booktitle = {Proceedings of the 2Nd USENIX Conference on Hot Topics in Cloud Computing},
 series = {HotCloud'10},
 year = {2010},
 location = {Boston, MA},
 pages = {10--10},
 numpages = {1},
 url = {http://dl.acm.org/citation.cfm?id=1863103.1863113},
 acmid = {1863113},
 publisher = {USENIX Association},
 address = {Berkeley, CA, USA},
}

@book{automata1,
 author = {Hopcroft, John E. and Motwani, Rajeev and Ullman, Jeffrey D.},
 title = {Introduction to Automata Theory, Languages, and Computation (3rd Edition)},
 year = {2006},
 isbn = {0321455363},
 publisher = {Addison-Wesley Longman Publishing Co., Inc.},
 address = {Boston, MA, USA},
}

@article{automata2, 
   Author = {McNaughton, R. and Yamada, H.},
   Title = {Regular Expressions and State Graphs for Automata},
   Journal = {Sequential Machines: Selected Papers},
   Publisher = {Addison-Wesley Pub. Co},
   Year = {1964}
}

@article{automata3,
 author = {Brzozowski, Janusz A.},
 title = {Derivatives of Regular Expressions},
 journal = {J. ACM},
 issue_date = {Oct. 1964},
 volume = {11},
 number = {4},
 month = oct,
 year = {1964},
 issn = {0004-5411},
 pages = {481--494},
 numpages = {14},
 url = {http://doi.acm.org/10.1145/321239.321249},
 doi = {10.1145/321239.321249},
 acmid = {321249},
 publisher = {ACM},
 address = {New York, NY, USA},
}

@article{automata4,
 author = {Thompson, Ken},
 title = {Programming Techniques: Regular Expression Search Algorithm},
 journal = {Commun. ACM},
 issue_date = {June 1968},
 volume = {11},
 number = {6},
 month = jun,
 year = {1968},
 issn = {0001-0782},
 pages = {419--422},
 numpages = {4},
 url = {http://doi.acm.org/10.1145/363347.363387},
 doi = {10.1145/363347.363387},
 acmid = {363387},
 publisher = {ACM},
 address = {New York, NY, USA},
 keywords = {match, regular expression, search},
}

@article{automata5,
 author = {Berry, G. and Sethi, R.},
 title = {From Regular Expressions to Deterministic Automata},
 journal = {Theor. Comput. Sci.},
 issue_date = {Dec., 1986},
 volume = {48},
 number = {1},
 month = dec,
 year = {1986},
 issn = {0304-3975},
 pages = {117--126},
 numpages = {10},
 url = {http://dl.acm.org/citation.cfm?id=39528.39537},
 acmid = {39537},
 publisher = {Elsevier Science Publishers Ltd.},
 address = {Essex, UK},
} 

@misc{elastic,
  title = {ElasticSearch},
  howpublished = "\url{http://www.elasticsearch.org/}",  
}

@inproceedings{xml1,
 author = {Bex, Geert Jan and Gelade, Wouter and Martens, Wim and Neven, Frank},
 title = {Simplifying XML Schema: Effortless Handling of Nondeterministic Regular Expressions},
 booktitle = {Proceedings of the 2009 ACM SIGMOD International Conference on Management of Data},
 series = {SIGMOD '09},
 year = {2009},
 isbn = {978-1-60558-551-2},
 location = {Providence, Rhode Island, USA},
 pages = {731--744},
 numpages = {14},
 url = {http://doi.acm.org/10.1145/1559845.1559922},
 doi = {10.1145/1559845.1559922},
 acmid = {1559922},
 publisher = {ACM},
 address = {New York, NY, USA},
 keywords = {deterministic regular expressions, upa, xml schema},
} 

@inproceedings{xml2,
 author = {Bex, Geert Jan and Neven, Frank and Schwentick, Thomas and Tuyls, Karl},
 title = {Inference of Concise DTDs from XML Data},
 booktitle = {Proceedings of the 32Nd International Conference on Very Large Data Bases},
 series = {VLDB '06},
 year = {2006},
 location = {Seoul, Korea},
 pages = {115--126},
 numpages = {12},
 url = {http://dl.acm.org/citation.cfm?id=1182635.1164139},
 acmid = {1164139},
 publisher = {VLDB Endowment},
} 

@inproceedings{xml3,
 author = {Bex, Geert Jan and Neven, Frank and Vansummeren, Stijn},
 title = {Inferring XML Schema Definitions from XML Data},
 booktitle = {Proceedings of the 33rd International Conference on Very Large Data Bases},
 series = {VLDB '07},
 year = {2007},
 isbn = {978-1-59593-649-3},
 location = {Vienna, Austria},
 pages = {998--1009},
 numpages = {12},
 url = {http://dl.acm.org/citation.cfm?id=1325851.1325964},
 acmid = {1325964},
 publisher = {VLDB Endowment},
}

@article{xml4,
 author = {Green, Todd J. and Gupta, Ashish and Miklau, Gerome and Onizuka, Makoto and Suciu, Dan},
 title = {Processing XML Streams with Deterministic Automata and Stream Indexes},
 journal = {ACM Trans. Database Syst.},
 issue_date = {December 2004},
 volume = {29},
 number = {4},
 month = dec,
 year = {2004},
 issn = {0362-5915},
 pages = {752--788},
 numpages = {37},
 url = {http://doi.acm.org/10.1145/1042046.1042051},
 doi = {10.1145/1042046.1042051},
 acmid = {1042051},
 publisher = {ACM},
 address = {New York, NY, USA},
 keywords = {XML processing, stream processing},
} 

@MISC{xml5,
    author = {Barzan Mozafari and Kai Zeng and Carlo Zaniolo},
    title = { From Regular Expressions to Nested Words: Unifying Languages and Query Execution for Relational and XML Sequences},
    year = {2010}
}

@article{xml6,
 author = {Diao, Yanlei and Altinel, Mehmet and Franklin, Michael J. and Zhang, Hao and Fischer, Peter},
 title = {Path Sharing and Predicate Evaluation for High-performance XML Filtering},
 journal = {ACM Trans. Database Syst.},
 issue_date = {December 2003},
 volume = {28},
 number = {4},
 month = dec,
 year = {2003},
 issn = {0362-5915},
 pages = {467--516},
 numpages = {50},
 url = {http://doi.acm.org/10.1145/958942.958947},
 doi = {10.1145/958942.958947},
 acmid = {958947},
 publisher = {ACM},
 address = {New York, NY, USA},
 keywords = {Nondeterministic Finite Automaton, XML filtering, content-based matching, nested path expressions., path sharing, predicate evaluation, structure matching},
} 

@article{retree,
  title={Re-tree: an efficient index structure for regular expressions},
  author={Chan, Chee-Yong and Garofalakis, Minos and Rastogi, Rajeev},
  journal={The VLDB Journal},
  volume={12},
  number={2},
  pages={102--119},
  year={2003},
  publisher={Springer}
}

@inproceedings{mining1,
 author = {Garofalakis, Minos N. and Rastogi, Rajeev and Shim, Kyuseok},
 title = {SPIRIT: Sequential Pattern Mining with Regular Expression Constraints},
 booktitle = {Proceedings of the 25th International Conference on Very Large Data Bases},
 series = {VLDB '99},
 year = {1999},
 isbn = {1-55860-615-7},
 pages = {223--234},
 numpages = {12},
 url = {http://dl.acm.org/citation.cfm?id=645925.671514},
 acmid = {671514},
 publisher = {Morgan Kaufmann Publishers Inc.},
 address = {San Francisco, CA, USA},
}

@inproceedings{mining2,
  author = {Sergei Savchenko},
  title = {Practical Regular Expression Mining And Its Information Quality Applications},
  booktitle = {Proceedings of the Seventh International Conference on Information Quality},
  year = {2002}
}

@inproceedings{pkt1,
 author = {Yu, Fang and Chen, Zhifeng and Diao, Yanlei and Lakshman, T. V. and Katz, Randy H.},
 title = {Fast and Memory-efficient Regular Expression Matching for Deep Packet Inspection},
 booktitle = {Proceedings of the 2006 ACM/IEEE Symposium on Architecture for Networking and Communications Systems},
 series = {ANCS '06},
 year = {2006},
 isbn = {1-59593-580-0},
 location = {San Jose, California, USA},
 pages = {93--102},
 numpages = {10},
 url = {http://doi.acm.org/10.1145/1185347.1185360},
 doi = {10.1145/1185347.1185360},
 acmid = {1185360},
 publisher = {ACM},
 address = {New York, NY, USA},
 keywords = {DFA, deep packet, inspection, intrusion detection, regular expressions},
}

@inproceedings{pkt2,
 author = {Kumar, Sailesh and Dharmapurikar, Sarang and Yu, Fang and Crowley, Patrick and Turner, Jonathan},
 title = {Algorithms to Accelerate Multiple Regular Expressions Matching for Deep Packet Inspection},
 booktitle = {Proceedings of the 2006 Conference on Applications, Technologies, Architectures, and Protocols for Computer Communications},
 series = {SIGCOMM '06},
 year = {2006},
 isbn = {1-59593-308-5},
 location = {Pisa, Italy},
 pages = {339--350},
 numpages = {12},
 url = {http://doi.acm.org/10.1145/1159913.1159952},
 doi = {10.1145/1159913.1159952},
 acmid = {1159952},
 publisher = {ACM},
 address = {New York, NY, USA},
 keywords = {DFA, deep packet inspection, regular expressions},
} 

@article{pkt3,
 author = {Ficara, Domenico and Giordano, Stefano and Procissi, Gregorio and Vitucci, Fabio and Antichi, Gianni and Di Pietro, Andrea},
 title = {An Improved DFA for Fast Regular Expression Matching},
 journal = {SIGCOMM Comput. Commun. Rev.},
 issue_date = {October 2008},
 volume = {38},
 number = {5},
 month = sep,
 year = {2008},
 issn = {0146-4833},
 pages = {29--40},
 numpages = {12},
 url = {http://doi.acm.org/10.1145/1452335.1452339},
 doi = {10.1145/1452335.1452339},
 acmid = {1452339},
 publisher = {ACM},
 address = {New York, NY, USA},
 keywords = {DFA, deep packet inspection, intrusion prevention, packet classification, regular expressions},
}

@inproceedings{bio1,
  title={Creating protein sequence patterns using efficient regular expressions in bioinformatics research},
  author={Mulder, Michael and Nezlek, GS},
  booktitle={Information Technology Interfaces, 2006. 28th International Conference on},
  pages={207--212},
  year={2006},
  organization={IEEE}
}

@article{bio2,
  title={ScanProsite: a reference implementation of a PROSITE scanning tool},
  author={Gattiker, Alexandre and Gasteiger, Elisabeth and Bairoch, Amos Marc},
  journal={Applied bioinformatics},
  volume={1},
  number={2},
  pages={107--8},
  year={2002}
}

@article{bio3,
  title={ELM server: a new resource for investigating short functional sites in modular eukaryotic proteins},
  author={Puntervoll, P{\aa}l and Linding, Rune and Gem{\"u}nd, Christine and Chabanis-Davidson, Sophie and Mattingsdal, Morten and Cameron, Scott and Martin, David MA and Ausiello, Gabriele and Brannetti, Barbara and Costantini, Anna and others},
  journal={Nucleic acids research},
  volume={31},
  number={13},
  pages={3625--3630},
  year={2003},
  publisher={Oxford Univ Press}
}

@inproceedings{regexindex,
 author = {Tsang, Dominic and Chawla, Sanjay},
 title = {A Robust Index for Regular Expression Queries},
 booktitle = {Proceedings of the 20th ACM International Conference on Information and Knowledge Management},
 series = {CIKM '11},
 year = {2011},
 isbn = {978-1-4503-0717-8},
 location = {Glasgow, Scotland, UK},
 pages = {2365--2368},
 numpages = {4},
 url = {http://doi.acm.org/10.1145/2063576.2063968},
 doi = {10.1145/2063576.2063968},
 acmid = {2063968},
 publisher = {ACM},
 address = {New York, NY, USA},
 keywords = {index for regular expression queries},
}

@article{mgrams1,
 author = {Ukkonen, Esko},
 title = {Approximate String-matching with Q-grams and Maximal Matches},
 journal = {Theor. Comput. Sci.},
 issue_date = {Jan. 6, 1992},
 volume = {92},
 number = {1},
 month = jan,
 year = {1992},
 issn = {0304-3975},
 pages = {191--211},
 numpages = {21},
 url = {http://dx.doi.org/10.1016/0304-3975(92)90143-4},
 doi = {10.1016/0304-3975(92)90143-4},
 acmid = {135908},
 publisher = {Elsevier Science Publishers Ltd.},
 address = {Essex, UK},
}

@inproceedings{mgrams2,
 author = {Burkhardt, Stefan and Crauser, Andreas and Ferragina, Paolo and Lenhof, Hans-Peter and Rivals, Eric and Vingron, Martin},
 title = {Q-gram Based Database Searching Using a Suffix Array (QUASAR)},
 booktitle = {Proceedings of the Third Annual International Conference on Computational Molecular Biology},
 series = {RECOMB '99},
 year = {1999},
 isbn = {1-58113-069-4},
 location = {Lyon, France},
 pages = {77--83},
 numpages = {7},
 url = {http://doi.acm.org/10.1145/299432.299460},
 doi = {10.1145/299432.299460},
 acmid = {299460},
 publisher = {ACM},
 address = {New York, NY, USA},
} 

@inproceedings{mgrams3,
  title={Indexing text with approximate q-grams},
  author={Navarro, Gonzalo and Sutinen, Erkki and Tanninen, Jani and Tarhio, Jorma},
  booktitle={Combinatorial Pattern Matching},
  pages={350--363},
  year={2000},
  organization={Springer}
}

@misc{oracle-regex,
  title = {Introducing Oracle Regular Expressions},
  howpublished = "\url{http://www.oracle.com/technetwork/database/focus-areas/application-development/twp-regular-expressions-133133.pdf}"
}

@misc{mysql-regex,
  title = {Regular Expressions in MySQL},
  howpublished = "\url{https://dev.mysql.com/doc/refman/5.7/en/regexp.html}"
}

@misc{tpch,
  title = {TPC-H Benchmark},
  howpublished = "\url{http://www.tpc.org/tpch/}",  
} 

@misc{wikipedia-dataset,
  title = {Wikipedia Dataset},
  howpublished = "\url{http://en.wikipedia.org/wiki/Wikipedia:Database_download}",  
}

@misc{twitter-dataset,
  title = {Twitter Dataset},
  howpublished = "\url{https://dev.twitter.com/streaming/reference/get/statuses/sample}",  
}

@article{vertica,
  added-at = {2012-10-10T00:00:00.000+0200},
  author = {Lamb, Andrew and Fuller, Matt and Varadarajan, Ramakrishna and Tran, Nga and Vandier, Ben and Doshi, Lyric and Bear, Chuck},
  biburl = {http://www.bibsonomy.org/bibtex/2706a9ad600e3b76f6a9f033cc5c1bef7/dblp},
  ee = {http://arxiv.org/abs/1208.4173},
  interhash = {55f9da66db4eaa0e7be33c2a909a94d3},
  intrahash = {706a9ad600e3b76f6a9f033cc5c1bef7},
  journal = {CoRR},
  keywords = {dblp},
  timestamp = {2012-10-10T00:00:00.000+0200},
  title = {The Vertica Analytic Database: C-Store 7 Years Later},
  url = {http://dblp.uni-trier.de/db/journals/corr/corr1208.html#abs-1208-4173},
  volume = {abs/1208.4173},
  year = 2012
}

@MISC{suffix,
 author = {Weiner, Peter},
 title = {Linear Pattern Matching Algorithms},
 booktitle = {Proceedings of the 14th Annual Symposium on Switching and Automata Theory (Swat 1973)},
 series = {SWAT '73},
 year = {1973},
 pages = {1--11},
 numpages = {11},
 acmid = {1441766},
 publisher = {IEEE Computer Society},
 address = {Washington, DC, USA},
}

@article{suffix1,
 author = {McCreight, Edward M.},
 title = {A Space-Economical Suffix Tree Construction Algorithm},
 journal = {J. ACM},
 issue_date = {April 1976},
 volume = {23},
 number = {2},
 month = apr,
 year = {1976},
 issn = {0004-5411},
 pages = {262--272},
 numpages = {11},
 acmid = {321946},
 publisher = {ACM},
 address = {New York, NY, USA},
}

@article{suffix2,
  author = {Ukkonen, Esko},
  journal = {Algorithmica},
  keywords = {dblp},
  number = 3,
  pages = {249-260},
  title = {On-Line Construction of Suffix Trees.},
  volume = 14,
  year = 1995
}

@inproceedings{suffix3,
 author = {Manber, Udi and Myers, Gene},
 title = {Suffix Arrays: A New Method for On-line String Searches},
 booktitle = {Proceedings of the First Annual ACM-SIAM Symposium on Discrete Algorithms},
 series = {SODA '90},
 year = {1990},
 isbn = {0-89871-251-3},
 location = {San Francisco, California, USA},
 pages = {319--327},
 numpages = {9},
 url = {http://dl.acm.org/citation.cfm?id=320176.320218},
 acmid = {320218},
 publisher = {Society for Industrial and Applied Mathematics},
 address = {Philadelphia, PA, USA},
} 

@inproceedings{btree,
 author = {Bayer, R. and McCreight, E.},
 title = {Organization and Maintenance of Large Ordered Indices},
 booktitle = {Proceedings of the 1970 ACM SIGFIDET (Now SIGMOD) Workshop on Data Description, Access and Control},
 series = {SIGFIDET '70},
 year = {1970},
 location = {Houston, Texas},
 pages = {107--141},
 numpages = {35},
 url = {http://doi.acm.org/10.1145/1734663.1734671},
 doi = {10.1145/1734663.1734671},
 acmid = {1734671},
 publisher = {ACM},
 address = {New York, NY, USA},
 keywords = {data structures, dynamic index maintenance, information retrieval, key deletion, key insertion, key retrieval, paging, random access files},
}

@article{btree1,
 author = {Ferragina, Paolo and Grossi, Roberto},
 title = {The String B-tree: A New Data Structure for String Search in External Memory and Its Applications},
 journal = {J. ACM},
 issue_date = {March 1999},
 volume = {46},
 number = {2},
 month = mar,
 year = {1999},
 issn = {0004-5411},
 pages = {236--280},
 numpages = {45},
 url = {http://doi.acm.org/10.1145/301970.301973},
 doi = {10.1145/301970.301973},
 acmid = {301973},
 publisher = {ACM},
 address = {New York, NY, USA},
 keywords = {B-tree, Patricia trie, external-memory data structure, prefix and range search, string searching and sorting, suffix array, suffix tree, text index},
} 

@article{trie,
 author = {Aoe, Jun-ichi and Morimoto, Katsushi and Sato, Takashi},
 title = {An Efficient Implementation of Trie Structures},
 journal = {Softw. Pract. Exper.},
 issue_date = {Sept. 1992},
 volume = {22},
 number = {9},
 month = sep,
 year = {1992},
 issn = {0038-0644},
 pages = {695--721},
 numpages = {27},
 url = {http://dx.doi.org/10.1002/spe.4380220902},
 doi = {10.1002/spe.4380220902},
 acmid = {146691},
 publisher = {John Wiley \& Sons, Inc.},
 address = {New York, NY, USA},
} 

@article{pattrie,
 author = {Morrison, Donald R.},
 title = {PATRICIA\&Mdash;Practical Algorithm To Retrieve Information Coded in Alphanumeric},
 journal = {J. ACM},
 issue_date = {Oct. 1968},
 volume = {15},
 number = {4},
 month = oct,
 year = {1968},
 issn = {0004-5411},
 pages = {514--534},
 numpages = {21},
 url = {http://doi.acm.org/10.1145/321479.321481},
 doi = {10.1145/321479.321481},
 acmid = {321481},
 publisher = {ACM},
 address = {New York, NY, USA},
} 

@article{trie1,
  title={Burst tries: a fast, efficient data structure for string keys},
  author={Heinz, Steffen and Zobel, Justin and Williams, Hugh E},
  journal={ACM Transactions on Information Systems (TOIS)},
  volume={20},
  number={2},
  pages={192--223},
  year={2002},
  publisher={ACM}
}

@inproceedings{trie2,
  title={HAT-trie: a cache-conscious trie-based data structure for strings},
  author={Askitis, Nikolas and Sinha, Ranjan},
  booktitle={Proceedings of the thirtieth Australasian conference on Computer science-Volume 62},
  pages={97--105},
  year={2007},
  organization={Australian Computer Society, Inc.}
}


@inproceedings{succinct,
  author = {R.~Agarwal and A.~Khandelwal and I.Stoica},
  title = {Succinct: Enabling Queries on Compressed Data},
  booktitle={USENIX Symposium on Network System Design and Implementation (NSDI)},
  year={2015}
}


@inproceedings{ngram,
  author = {Robenek, Daniel and Platos, Jan and Snasel, Vaclav},
  biburl = {http://www.bibsonomy.org/bibtex/205200ab589eb9e09c755c2f27d1e9bd0/dblp},
  booktitle = {DATESO},
  editor = {Snasel, Vaclav and Richta, Karel and Pokorny, Jaroslav},
  ee = {http://ceur-ws.org/Vol-971/paper21.pdf},
  interhash = {bf353c03ccd8dce728e470d4f7ee880e},
  intrahash = {05200ab589eb9e09c755c2f27d1e9bd0},
  keywords = {dblp},
  pages = {48-58},
  publisher = {CEUR-WS.org},
  series = {CEUR Workshop Proceedings},
  timestamp = {2013-07-22T00:00:00.000+0200},
  title = {Efficient In-memory Data Structures for n-grams Indexing.},
  url = {http://dblp.uni-trier.de/db/conf/dateso/dateso2013.html#RobenekPS13},
  volume = 971,
  year = 2013
}



@book{lucene,
 author = {McCandless, Michael and Hatcher, Erik and Gospodnetic, Otis},
 title = {Lucene in Action, Second Edition: Covers Apache Lucene 3.0},
 year = {2010},
 isbn = {1933988177, 9781933988177},
 publisher = {Manning Publications Co.},
 address = {Greenwich, CT, USA},
} 

@book{inverted1,
 author = {Salton, Gerard},
 title = {Automatic Text Processing: The Transformation, Analysis, and Retrieval of Information by Computer},
 year = {1989},
 isbn = {0-201-12227-8},
 publisher = {Addison-Wesley Longman Publishing Co., Inc.},
 address = {Boston, MA, USA},
} 

@article{inverted2,
 author = {Faloutsos, Chris},
 title = {Access Methods for Text},
 journal = {ACM Comput. Surv.},
 issue_date = {March 1985},
 volume = {17},
 number = {1},
 month = mar,
 year = {1985},
 issn = {0360-0300},
 pages = {49--74},
 numpages = {26},
 url = {http://doi.acm.org/10.1145/4078.4080},
 doi = {10.1145/4078.4080},
 acmid = {4080},
 publisher = {ACM},
 address = {New York, NY, USA},
}

@inproceedings{inverted3,
 author = {Cutting, D. and Pedersen, J.},
 title = {Optimization for Dynamic Inverted Index Maintenance},
 booktitle = {Proceedings of the 13th Annual International ACM SIGIR Conference on Research and Development in Information Retrieval},
 series = {SIGIR '90},
 year = {1990},
 isbn = {0-89791-408-2},
 location = {Brussels, Belgium},
 pages = {405--411},
 numpages = {7},
 url = {http://doi.acm.org/10.1145/96749.98245},
 doi = {10.1145/96749.98245},
 acmid = {98245},
 publisher = {ACM},
 address = {New York, NY, USA},
} 

@inproceedings{inverted4,
 author = {Manber, Udi and Wu, Sun},
 title = {GLIMPSE: A Tool to Search Through Entire File Systems},
 booktitle = {Proceedings of the USENIX Winter 1994 Technical Conference on USENIX Winter 1994 Technical Conference},
 series = {WTEC'94},
 year = {1994},
 location = {San Francisco, California},
 pages = {4--4},
 numpages = {1},
 url = {http://dl.acm.org/citation.cfm?id=1267074.1267078},
 acmid = {1267078},
 publisher = {USENIX Association},
 address = {Berkeley, CA, USA},
}

@article{csa1,
  title={Compressed suffix arrays and suffix trees with applications to text indexing and string matching},
  author={Grossi, Roberto and Vitter, Jeffrey Scott},
  journal={SIAM Journal on Computing},
  volume={35},
  number={2},
  pages={378--407},
  year={2005},
  publisher={SIAM}
}

@incollection{csa2,
  title={Compressed text databases with efficient query algorithms based on the compressed suffix array},
  author={Sadakane, Kunihiko},
  booktitle={Algorithms and Computation},
  pages={410--421},
  year={2000},
  publisher={Springer}
}

@inproceedings{csa3,
  title={Succinct representations of lcp information and improvements in the compressed suffix arrays},
  author={Sadakane, Kunihiko},
  booktitle={Proceedings of the thirteenth annual ACM-SIAM symposium on Discrete algorithms},
  pages={225--232},
  year={2002},
  organization={Society for Industrial and Applied Mathematics}
}

@article{csa4,
  title={New text indexing functionalities of the compressed suffix arrays},
  author={Sadakane, Kunihiko},
  journal={Journal of Algorithms},
  volume={48},
  number={2},
  pages={294--313},
  year={2003},
  publisher={Elsevier}
}

@inproceedings{csasoda,
  title={High-order entropy-compressed text indexes},
  author={Grossi, Roberto and Gupta, Ankur and Vitter, Jeffrey Scott},
  booktitle={Proceedings of the fourteenth annual ACM-SIAM symposium on Discrete algorithms},
  pages={841--850},
  year={2003},
  organization={Society for Industrial and Applied Mathematics}
}

@article{pfam,
  title={Pfam: the protein families database},
  author={Finn, Robert D and Bateman, Alex and Clements, Jody and Coggill, Penelope and Eberhardt, Ruth Y and Eddy, Sean R and Heger, Andreas and Hetherington, Kirstie and Holm, Liisa and Mistry, Jaina and others},
  journal={Nucleic acids research},
  pages={gkt1223},
  year={2013},
  publisher={Oxford Univ Press}
}

@article{prosite,
  title={New and continuing developments at PROSITE},
  author={Sigrist, Christian JA and De Castro, Edouard and Cerutti, Lorenzo and Cuche, B{\'e}atrice A and Hulo, Nicolas and Bridge, Alan and Bougueleret, Lydie and Xenarios, Ioannis},
  journal={Nucleic acids research},
  pages={gks1067},
  year={2012},
  publisher={Oxford Univ Press}
}

@misc{iupac,
  title = {IUPAC One letter codes for Amino Acids},
  howpublished = "http://www.bioinformatics.org/sms/iupac.html"
}

@article{scanprosite,
  title={ScanProsite: a reference implementation of a PROSITE scanning tool},
  author={Gattiker, Alexandre and Gasteiger, Elisabeth and Bairoch, Amos Marc},
  journal={Applied bioinformatics},
  volume={1},
  number={2},
  pages={107--8},
  year={2002}
}

@misc{ere,
  title = {Extended Regular Expressions},
  howpublished = "http://pubs.opengroup.org/onlinepubs/9699919799/"
}

@article{retree2,
  title={Tree automata: an informal survey},
  author={Thatcher, James W},
  year={1973},
  publisher={Prentice Hall}
}

@article{retree1,
  title={Finite state automata from regular expression trees},
  author={Goldberg, Robert R.},
  journal={The Computer Journal},
  volume={36},
  number={7},
  pages={623--630},
  year={1993},
  publisher={Br Computer Soc}
}